@msc{test,
	author = {Mastodon org.},
	title = {Mastodon open source social media},
	url = {https://www.joinmastodon.org},
}
@msc{apimast,
	author = {Lorenz Diener},
	title = {Mastodon API for Python},
	url = {https://github.com/halcy/Mastodon.py},
}
@msc{scikit-learn,
	title={Scikit-learn: Machine Learning Library in {P}ython},
	author={Pedregosa, F. and Varoquaux, G. and Gramfort, A. and Michel, V.
	and Thirion, B. and Grisel, O. and Blondel, M. and Prettenhofer, P.
	and Weiss, R. and Dubourg, V. and Vanderplas, J. and Passos, A. and
	Cournapeau, D. and Brucher, M. and Perrot, M. and Duchesnay, E.},
	url = {https://scikit-learn.org/stable/},
}
@msc{pandas,
	author = {Wes McKinney},
	title = {Data structures for statistical computing in python},
	url = {https://pandas.pydata.org/stable},
}
@msc{pickle,
	author={Python Software Foundation},
	title={Python object serialization},
	url={https://docs.python.org/3/library/pickle.html},
}
@msc{sqllite3,
	author={Gerhard HÃ¤ring},
	title={DB-API 2.0 interface for SQLite databases},
	url={https://docs.python.org/3/library/sqlite3.html},
}
@msc{sqlite,
	author={Dwayne Richard Hipp},
	title={SQL database engine},
	url={https://www.sqlite.org/index.html},
}